<?xml version="1.0" encoding="utf-8"?>
<record xmlns="http://www.loc.gov/MARC21/slim" xmlns:xsi="http://www.w3.org/2001/XMLSchema-instance" xsi:schemaLocation="http://www.loc.gov/MARC21/slim http://www.loc.gov/standards/marcxml/schema/MARC21slim.xsd">
	<leader>     nam a22     Mi 4500</leader>
	<controlfield tag="001">1245980</controlfield>
	<controlfield tag="003">NjP</controlfield>
	<controlfield tag="006">m        d        </controlfield>
	<controlfield tag="007">cr cn |||m|||a</controlfield>
	<controlfield tag="008">210308q18711978le      o     000 0 arard</controlfield>
	<datafield ind1=" " ind2=" " tag="040">
		<subfield code="a">ZYU</subfield>
		<subfield code="b">ara</subfield>
		<subfield code="e">rda</subfield>
		<subfield code="c">ZYU</subfield>
	</datafield>
	<datafield ind1=" " ind2="4" tag="050">
		<subfield code="a">D152.A16</subfield>
		<subfield code="b">S52 1974</subfield>
	</datafield>
	<datafield ind1="1" ind2=" " tag="100">
		<subfield code="6">880-01</subfield>
		<subfield code="a">Abū Shāmah, ʻAbd al-Raḥmān ibn Ismāʻīl,</subfield>
		<subfield code="d">1203-1267.</subfield>
	</datafield>
	<datafield ind1="1" ind2="3" tag="245">
		<subfield code="6">880-02</subfield>
		<subfield code="a">al-Rawḍatayn fī akhbār al-dawlatayn /</subfield>
		<subfield code="c">Shihāb al-Dīn abī Muḥammad ʻAbd al-Raḥmān bin Ismāʻīl ibn Ibrāhīm al-Maqdisī al-Shāfiʻī.</subfield>
	</datafield>
	<datafield ind1=" " ind2=" " tag="260">
		<subfield code="6">880-03</subfield>
		<subfield code="a">Bayrūt :</subfield>
		<subfield code="b">Dār al-Jīl,</subfield>
		<subfield code="c">1974?</subfield>
	</datafield>
	<datafield ind1=" " ind2=" " tag="300">
		<subfield code="a">online resource (2 volumes in 1)</subfield>
	</datafield>
	<datafield ind1=" " ind2=" " tag="336">
		<subfield code="a">text</subfield>
		<subfield code="2">rdacontent</subfield>
	</datafield>
	<datafield ind1=" " ind2=" " tag="337">
		<subfield code="a">computer</subfield>
		<subfield code="2">rdamedia</subfield>
	</datafield>
	<datafield ind1=" " ind2=" " tag="338">
		<subfield code="a">online resource</subfield>
		<subfield code="2">rdacarrier</subfield>
	</datafield>
	<datafield ind1=" " ind2=" " tag="500">
		<subfield code="a">Reprint of the Cairo edition of 1871.</subfield>
	</datafield>
	<datafield ind1=" " ind2=" " tag="500">
		<subfield code="a">Part of the Arabic Collections Online (ACO) project, contributed by Princeton University Libraries.</subfield>
	</datafield>
	<datafield ind1=" " ind2=" " tag="533">
		<subfield code="a">Electronic reproduction.</subfield>
		<subfield code="b">New York, N.Y. :</subfield>
		<subfield code="c">New York University,</subfield>
		<subfield code="d">2021.</subfield>
		<subfield code="5">NNU</subfield>
	</datafield>
	<datafield ind1=" " ind2="0" tag="650">
		<subfield code="a">Crusades</subfield>
		<subfield code="v">Sources.</subfield>
	</datafield>
	<datafield ind1="0" ind2="0" tag="600">
		<subfield code="a">Nūr al-Dīn,</subfield>
		<subfield code="c">Atabeg of Syria,</subfield>
		<subfield code="d">1118-1174.</subfield>
	</datafield>
	<datafield ind1="0" ind2="0" tag="600">
		<subfield code="a">Saladin,</subfield>
		<subfield code="c">Sultan of Egypt and Syria,</subfield>
		<subfield code="d">1137-1193.</subfield>
	</datafield>
	<datafield ind1="0" ind2="7" tag="600">
		<subfield code="a">Nūr al-Dīn,</subfield>
		<subfield code="c">Atabeg of Syria,</subfield>
		<subfield code="d">1118-1174.</subfield>
		<subfield code="2">fast</subfield>
		<subfield code="0">(OCoLC)fst00135123</subfield>
	</datafield>
	<datafield ind1="0" ind2="7" tag="600">
		<subfield code="a">Saladin,</subfield>
		<subfield code="c">Sultan of Egypt and Syria,</subfield>
		<subfield code="d">1137-1193.</subfield>
		<subfield code="2">fast</subfield>
		<subfield code="0">(OCoLC)fst00103416</subfield>
	</datafield>
	<datafield ind1=" " ind2="7" tag="650">
		<subfield code="a">Crusades.</subfield>
		<subfield code="2">fast</subfield>
		<subfield code="0">(OCoLC)fst00884401</subfield>
	</datafield>
	<datafield ind1=" " ind2="7" tag="655">
		<subfield code="a">Sources.</subfield>
		<subfield code="2">fast</subfield>
		<subfield code="0">(OCoLC)fst01423900</subfield>
	</datafield>
	<datafield ind1="2" ind2=" " tag="710">
		<subfield code="a">Princeton University.</subfield>
		<subfield code="b">Library.</subfield>
	</datafield>
	<datafield ind1="0" ind2=" " tag="730">
		<subfield code="a">Arabic Collections Online.</subfield>
	</datafield>
	<datafield ind1="0" ind2="8" tag="776">
		<subfield code="i">Online version:</subfield>
		<subfield code="a">Abū Shāmah, ʻAbd al-Raḥmān ibn Ismāʻīl, 1203-1267.</subfield>
		<subfield code="t">Rawḍatayn fī akhbār al-dawlatayn.</subfield>
		<subfield code="d">Bayrūt : Dār al-Jīl, 1974?</subfield>
		<subfield code="w">(OCoLC)700975065</subfield>
	</datafield>
	<datafield ind1="0" ind2="8" tag="776">
		<subfield code="i">Print version:</subfield>
		<subfield code="a">Abū Shāmah, ʻAbd al-Raḥmān ibn Ismāʻīl, 1203-1267.</subfield>
		<subfield code="t">al-Rawḍatayn fī akhbār al-dawlatayn</subfield>
		<subfield code="w">(NjP)1245980</subfield>
		<subfield code="w">(OCoLC)3610375</subfield>
	</datafield>
	<datafield ind1="4" ind2="0" tag="856">
		<subfield code="u">http://hdl.handle.net/2333.1/3ffbgjgt</subfield>
	</datafield>
	<datafield ind1="1" ind2=" " tag="880">
		<subfield code="6">100-01</subfield>
		<subfield code="a">ابو شامة، عبد الرحمن بن اسماعيل،</subfield>
		<subfield code="d">1203-1267.</subfield>
	</datafield>
	<datafield ind1="1" ind2="2" tag="880">
		<subfield code="6">245-02</subfield>
		<subfield code="a">الروضتين في اخبار الدولتين /</subfield>
		<subfield code="c">شهاب الدين ابي محمد عبد الرحمن بن اسماعيل بن ابراهيم المقدسي الشافعي.</subfield>
	</datafield>
	<datafield ind1=" " ind2=" " tag="880">
		<subfield code="6">260-03</subfield>
		<subfield code="a">بيروت :</subfield>
		<subfield code="b">دار الجيل،</subfield>
		<subfield code="c">1974؟</subfield>
	</datafield>
	<datafield ind1=" " ind2=" " tag="959">
		<subfield code="a">NNU</subfield>
		<subfield code="b">WEB</subfield>
		<subfield code="c">GENI</subfield>
		<subfield code="t">0</subfield>
		<subfield code="m">Electronic access</subfield>
		<subfield code="s">01</subfield>
	</datafield>
	<datafield ind1=" " ind2=" " tag="999">
		<subfield code="i">NjP_1245980</subfield>
		<subfield code="o">(OCoLC)ocm03610375</subfield>
		<subfield code="s">princeton_aco003818:</subfield>
		<subfield code="e">(ERROR-880)</subfield>
		<subfield code="s">princeton_aco003818:</subfield>
	</datafield>
</record>
